% Encoding: UTF-8

@Book{Agrachev2004,
  title     = {Control Theory from the Geometric Viewpoint},
  publisher = {Springer Berlin Heidelberg},
  year      = {2004},
  author    = {Andrei A. Agrachev and Yuri L. Sachkov},
  doi       = {10.1007/978-3-662-06404-7},
}

@Comment{jabref-meta: databaseType:bibtex;}
